
@article{platt_hoodies_2020,
	title = {Hoodies on the {FloorExploring} {Black} {Members}â€™ {Legislative} {Response} to {Police} {Brutality}},
	volume = {1},
	issn = {2688-0105},
	url = {https://online.ucpress.edu/nrbp/article/1/1/69/91550/Hoodies-on-the-FloorExploring-Black-Members},
	doi = {10.1525/nrbp.2020.1.1.69},
	language = {en},
	number = {1},
	urldate = {2020-03-10},
	journal = {National Review of Black Politics},
	author = {Platt, Matthew B.},
	month = jan,
	year = {2020},
	note = {Publisher: University of California Press},
	pages = {69--79}
}