
@article{platt2021,
  title = {Examining {{Senior Seminar}} and {{Curricular Reform}} at an {{HBCU}}},
  author = {Platt, Matthew B.},
  year = {2021},
  month = apr,
  volume = {54},
  pages = {381--386},
  publisher = {{Cambridge University Press}},
  issn = {1049-0965, 1537-5935},
  doi = {10.1017/S1049096520001870},
  abstract = {//static.cambridge.org/content/id/urn\%3Acambridge.org\%3Aid\%3Aarticle\%3AS1049096520001870/resource/name/firstPage-S1049096520001870a.jpg},
  file = {C\:\\Users\\matth\\Zotero\\storage\\CEWJEKBM\\Platt - 2021 - Examining Senior Seminar and Curricular Reform at .pdf;C\:\\Users\\matth\\Zotero\\storage\\WZCWQUCF\\6E8392D5A787CA339B0F95636B63F187.html},
  journal = {PS: Political Science \& Politics},
  language = {en},
  number = {2}
}


